@inproceedings{nevels2014plasmonic,
  title={Plasmonic and surface wave propagation in boundary layers in the microwave, THz, and optical regimes},
  author={Nevels, Robert D and Michalski, Krzysztof A and Abbas, Hasan Tahir},
  booktitle={Antenna Measurements \& Applications (CAMA), 2014 IEEE Conference on},
  pages={1--3},
  year={2014},
  organization={IEEE}
}

@inproceedings{abbas2015numerical,
  title={Numerical techniques for evaluating electromagnetic field propagators},
  author={Abbas, HT and Shin, J and Nevels, RD},
  booktitle={Computational Electromagnetics (ICCEM), 2015 IEEE International Conference on},
  pages={22--23},
  year={2015},
  organization={IEEE}
}

@incollection{nevels2016optical,
  title={Optical Nanoantennas},
  author={Nevels, Robert D. and Abbas, Hasan Tahir},
  booktitle={Handbook of Antenna Technologies},
  pages={527--566},
  year={2016},
  publisher={Springer Singapore}
}

@inproceedings{shin2015numerical,
  title={A numerical method for the electromagnetic field time domain propagator equations},
  author={Shin, Jongchul and Abbas, Hasan Tahir and Nevels, Robert},
  booktitle={Antennas and Propagation \& USNC/URSI National Radio Science Meeting, 2015 IEEE International Symposium on},
  pages={1480--1481},
  year={2015},
  organization={IEEE}
}

@inproceedings{abbas2016plasma,
  title={Plasma based integrated on-chip antenna},
  author={Abbas, Hasan Tahir and Nevels, Robert},
  booktitle={Antennas and Propagation (APSURSI), 2016 IEEE International Symposium on},
  pages={1645--1646},
  year={2016},
  organization={IEEE}
}
